@book{nrc_2022_decadal,
  author = {{National Academies of Sciences, Engineering, and Medicine}},
  title = {Origins, Worlds, and Life: A Decadal Strategy for Planetary Science and Astrobiology 2023–2032},
  publisher = {The National Academies Press},
  year = {2022},
  doi = {10.17226/26522},
  url = {https://doi.org/10.17226/26522}
}

@misc{nasa_rad,
  author = {{NASA}},
  title = {Mars Science Laboratory – Radiation Assessment Detector (RAD)},
  year = {2023},
  howpublished = {\url{https://mars.nasa.gov/msl/spacecraft/instruments/rad/}}
}

@article{plaut_2007_subsurface,
  author = {Plaut, Jeffrey J. and others},
  title = {Subsurface Radar Sounding of the South Polar Layered Deposits of Mars},
  journal = {Science},
  volume = {316},
  number = {5821},
  pages = {92--95},
  year = {2007},
  doi = {10.1126/science.1139672}
}

@article{bramson_2015_excess,
  author = {Bramson, Ali and others},
  title = {Widespread Excess Ice in Arcadia Planitia, Mars},
  journal = {Geophysical Research Letters},
  volume = {42},
  number = {16},
  pages = {6566--6574},
  year = {2015},
  doi = {10.1002/2015GL064844}
}

@article{mellon_1995_ground_ice,
  author = {Mellon, Michael T. and Jakosky, Bruce M.},
  title = {The Distribution and Behavior of Martian Ground Ice},
  journal = {Journal of Geophysical Research: Planets},
  volume = {100},
  number = {E6},
  pages = {11781--11799},
  year = {1995},
  doi = {10.1029/95JE01027}
}

@article{putzig_2012_stratigraphy,
  author = {Putzig, Nathaniel E. and others},
  title = {Radar-Derived Stratigraphy of Deuteronilus Mensae Region},
  journal = {Icarus},
  volume = {219},
  number = {1},
  pages = {47--58},
  year = {2012},
  doi = {10.1016/j.icarus.2012.02.025}
}

@misc{lspace_stm_module,
  author = {{L'SPACE Program}},
  title = {Introduction to the Science Traceability Matrix Skill Module},
  year = {2023},
  note = {NASA JPL}
}

@misc{mepag_goals,
  author = {{NASA Mars Exploration Program Analysis Group (MEPAG)}},
  title = {Goals Document},
  howpublished = {\url{https://www.lpi.usra.edu/mepag/}}
}

@article{head_2010_glaciation,
  author = {Head, James W. and others},
  title = {Northern mid-latitude glaciation in the Amazonian period of Mars: Evidence for regional climate change},
  journal = {Earth and Planetary Science Letters},
  volume = {294},
  number = {3--4},
  pages = {306--320},
  year = {2010},
  doi = {10.1016/j.epsl.2009.06.005}
}

@misc{nasa_sharad_data,
  author = {NASA},
  title = {Mars Reconnaissance Orbiter (SHARAD Radar Data)},
  howpublished = {\url{https://pds-geosciences.wustl.edu/missions/mro/sharad.htm}}
}

@misc{asu_2019_atmosphere,
  author = {{Arizona State University}},
  title = {Mars Atmosphere},
  year = {2019},
  howpublished = {\url{https://marsed.asu.edu/mep/atmosphere}}
}

@misc{georgetown_2023_life,
  author = {{Georgetown University}},
  title = {Search for Extraterrestrial Life on Mars},
  year = {2023},
  howpublished = {\url{https://www.georgetown.edu/news/search-for-extraterrestrial-life-on-mars/}}
}

@techreport{nasa_2019_env_hazards,
  author = {NASA},
  title = {Mars 2020 Surface Mission Environmental Hazards and Risks},
  year = {2019},
  institution = {NASA Technical Reports Server},
  url = {https://ntrs.nasa.gov/api/citations/20190028297/downloads/20190028297.pdf}
}

@misc{nasa_sma_2022_protection,
  author = {{NASA Office of Safety and Mission Assurance (SMA)}},
  title = {Planetary Protection},
  year = {2022},
  note = {Last modified August 2022},
  howpublished = {\url{https://sma.nasa.gov/sma-disciplines/planetary-protection}}
}

@book{nrc_2002_safe,
  author = {{National Academies}},
  title = {Safe on Mars: Precursor Measurements Necessary to Support Human Operations on the Martian Surface},
  publisher = {National Academies Press},
  year = {2002},
  url = {https://nap.nationalacademies.org/read/10360/chapter/5}
}

@misc{wikipedia_planetary_protection,
  author = {{Wikipedia contributors}},
  title = {Planetary Protection},
  year = {2024},
  howpublished = {\url{https://en.wikipedia.org/wiki/Planetary_protection}}
}

@misc{nasa_mars_goals,
  author = {NASA},
  title = {Mars Exploration Program: Science Goals – Looking for Life Signs},
  year = {2024},
  howpublished = {\url{https://science.nasa.gov/planetary-science/programs/mars-exploration/science-goals/#h-looking-for-life-signs}}
}

@misc{nasa_m2m_objectives,
  author = {NASA},
  title = {Moon to Mars Objectives Executive Summary},
  year = {2022},
  howpublished = {\url{https://www.nasa.gov/sites/default/files/atoms/files/m2m-objectives-exec-summary.pdf}}
}

@misc{nasa_how_long_mars,
  author = {NASA},
  title = {How Long Does It Take to Get to Mars?},
  year = {2023},
  howpublished = {\url{https://solarsystem.nasa.gov/planets/mars/overview/}}
}

@misc{nasa_mer_timeline,
  author = {NASA Jet Propulsion Laboratory (JPL)},
  title = {Mars Exploration Rover – Opportunity: Mission Timeline},
  year = {2019},
  howpublished = {\url{https://mars.nasa.gov/mer/mission/timeline/}}
}

@misc{lucy_timeline,
  author = {{NASA Southwest Research Institute}},
  title = {Lucy Mission Timeline},
  year = {2024},
  url = {https://lucy.swri.edu/timeline.html},
  note = {Accessed 2024-06-16}
}

@misc{lucy_cost,
  author = {{The Planetary Society}},
  title = {The Cost of the Lucy Mission to the Trojan Asteroids},
  year = {2024},
  url = {https://www.planetary.org/space-policy/lucy-cost},
  note = {Accessed 2024-06-16}
}

@misc{mer_cost,
  author = {{The Planetary Society}},
  title = {Cost of the Mars Exploration Rovers},
  year = {2024},
  url = {https://www.planetary.org/space-policy/cost-of-the-mars-exploration-rovers},
  note = {Accessed 2024-06-16}
}

@misc{phoenix_cost,
  author = {{The Planetary Society}},
  title = {The Cost of NASA's Phoenix Mission to Mars},
  year = {2024},
  url = {https://www.planetary.org/space-policy/phoenix-cost},
  note = {Accessed 2024-06-16}
}

@misc{phoenix_press_kit,
  author = {{NASA Jet Propulsion Laboratory (JPL)}},
  title = {Phoenix Landing Mission to the Martian Polar North},
  year = {2008},
  url = {https://www.jpl.nasa.gov/news/press_kits/phoenix-landing.pdf},
  note = {Accessed 2024-06-16}
}

@misc{lspace2025mission,
    author = {{L'SPACE}},
    title = {Mission Task Document},
    year = {2025},
    url = {https://docs.google.com/document/d/1nnbnhPqEa0KyQb4esg_-8lgqv4nRSxk8Wdw3embVpIQ/edit?usp=sharing},
    urldate = {2025}
}